<?xml version="1.0" encoding="UTF-8"?><collection xmlns="http://www.loc.gov/MARC21/slim"><record><leader>00416nam--2200181-u-4500</leader><controlfield tag="001">000053686</controlfield><controlfield tag="002">20161230</controlfield><controlfield tag="005">20170127233737</controlfield><controlfield tag="008">110511s1000------------r-----000-0-rus-d</controlfield><datafield ind1=" " ind2=" " tag="040"><subfield code="a">IFIN-HH</subfield></datafield><datafield ind1=" " ind2=" " tag="041"><subfield code="a">rus</subfield></datafield><datafield ind1=" " ind2=" " tag="080"><subfield code="a">536.5</subfield></datafield><datafield ind1="1" ind2=" " tag="100"><subfield code="a">Geguzin, Ia. E</subfield></datafield><datafield ind1="1" ind2="0" tag="245"><subfield code="a">Fizika spekania</subfield><subfield code="c">Ia.E. Geguzin</subfield></datafield><datafield ind1=" " ind2=" " tag="260"><subfield code="a">Moskva</subfield><subfield code="b">Nuaka</subfield><subfield code="c">1967</subfield></datafield><datafield ind1=" " ind2=" " tag="300"><subfield code="a">360 p</subfield></datafield><datafield ind1=" " ind2=" " tag="852"><subfield code="a">76645</subfield><subfield code="c">536</subfield></datafield><datafield ind1=" " ind2=" " tag="CAT"><subfield code="a">SYS</subfield><subfield code="c">20170127</subfield><subfield code="h">233737</subfield></datafield></record></collection>